@article{hofmann1998groupoid,
  title={The groupoid interpretation of type theory},
  author={Hofmann, Martin and Streicher, Thomas},
  journal={Twenty-five years of constructive type theory (Venice, 1995)},
  volume={36},
  pages={83--111},
  year={1998}
}

@article{kapulkin2012simplicial,
  title={The simplicial model of univalent foundations (after Voevodsky)},
  author={Kapulkin, Chris and Lumsdaine, Peter LeFanu},
  journal={arXiv preprint arXiv:1211.2851},
  year={2012}
}

@article{van2011types,
  title={Types are weak $\omega$-groupoids},
  author={Van Den Berg, Benno and Garner, Richard},
  journal={Proceedings of the London Mathematical Society},
  volume={102},
  number={2},
  pages={370--394},
  year={2011},
  publisher={Wiley Online Library}
}

@Book{hottbook,
  author =    {The {Univalent Foundations Program}},
  title =     {Homotopy Type Theory: Univalent Foundations of Mathematics},
  publisher = {\url{https://homotopytypetheory.org/book}},
  address =   {Institute for Advanced Study},
  year =      2013
  }
  
  @article{dybjer1994inductive,
  title={Inductive families},
  author={Dybjer, Peter},
  journal={Formal aspects of computing},
  volume={6},
  number={4},
  pages={440--465},
  year={1994},
  publisher={Springer}
}

@inproceedings{buchholtz2018cellular,
  title={Cellular cohomology in homotopy type theory},
  author={Buchholtz, Ulrik and Hou Favonia, Kuen-Bang},
  booktitle={Proceedings of the 33rd Annual ACM/IEEE Symposium on Logic in Computer Science},
  pages={521--529},
  year={2018}
}

@inproceedings{buchholtz2018higher,
  title={Higher groups in homotopy type theory},
  author={Buchholtz, Ulrik and van Doorn, Floris and Rijke, Egbert},
  booktitle={Proceedings of the 33rd Annual ACM/IEEE Symposium on Logic in Computer Science},
  pages={205--214},
  year={2018}
}

@article{cohen2016cubical,
  title={Cubical type theory: a constructive interpretation of the univalence axiom},
  author={Cohen, Cyril and Coquand, Thierry and Huber, Simon and M{\"o}rtberg, Anders},
  journal={arXiv preprint arXiv:1611.02108},
  year={2016}
}

@article{coquand2019homotopy,
  title={Homotopy canonicity for cubical type theory},
  author={Coquand, Thierry and Huber, Simon and Sattler, Christian},
  journal={arXiv preprint arXiv:1902.06572},
  year={2019}
}

@article{annenkov2017two,
  title={Two-level type theory and applications},
  author={Annenkov, Danil and Capriotti, Paolo and Kraus, Nicolai},
  journal={arXiv preprint arXiv:1705.03307},
  year={2017}
}

@article{licata2012,
  title={2-dimensional directed type theory},
  author={Licata, Daniel R and Harper, Robert},
  journal={Electronic Notes in Theoretical Computer Science},
  volume={276},
  pages={263--289},
  year={2011},
  publisher={Elsevier}
}

@article{shulman2019all,
  title={All $(\infty,1)$-toposes have strict univalent universes},
  author={Shulman, Michael},
  journal={Preprint},
  year={2019}
}

@inproceedings{hou2016mechanization,
  title={A mechanization of the Blakers-Massey connectivity theorem in Homotopy Type Theory},
  author={Hou, Kuen-Bang and Finster, Eric and Licata, Daniel R and Lumsdaine, Peter LeFanu},
  booktitle={Proceedings of the 31st Annual ACM/IEEE Symposium on Logic in Computer Science},
  pages={565--574},
  year={2016}
}

@article{anel2017generalized,
  title={A generalized Blakers-Massey theorem},
  author={Anel, Mathieu and Biedermann, Georg and Finster, Eric and Joyal, Andr{\'e}},
  journal={arXiv preprint arXiv:1703.09050},
  year={2017}
}

@article{anel2018goodwillie,
  title={Goodwillie's calculus of functors and higher topos theory},
  author={Anel, Mathieu and Biedermann, Georg and Finster, Eric and Joyal, Andr{\'e}},
  journal={Journal of Topology},
  volume={11},
  number={4},
  pages={1100--1132},
  year={2018},
  publisher={Wiley Online Library}
}

@phdthesis{brunerie2016groupes,
  title={Sur les groupes d'homotopie des sph{\`e}res en th{\'e}orie des types homotopiques},
  author={Brunerie, Guillaume},
  year={2016},
  school={Nice}
}

@book{lurie2009higher,
  title={Higher topos theory},
  author={Lurie, Jacob},
  year={2009},
  publisher={Princeton University Press}
}



